%% This BibTeX bibliography file was created using BibDesk.
%% https://bibdesk.sourceforge.io/

%% Created for Gary Yang at 2021-04-13 04:58:09 -0400 


%% Saved with string encoding Unicode (UTF-8) 


@preamble{"\providecommand{\noopsort}[1]{}" #
   "\providecommand{\singleletter}[1]{#1}%"}



@book{cite-key,
	Date-Added = {2021-04-13 04:57:28 -0400},
	Date-Modified = {2021-04-13 04:57:34 -0400}}
